% Signal and image processing.

% To be used with
% - acronyms.bib and IEEEfull.bib, or
% - acronyms-abrv.bib and IEEEabrv.bib.


@InProceedings{jones.97.nsip,
  author = 	 {Ronald Jones},
  title = 	 {Component Trees for Image Filtering and Segmentation},
  booktitle =	 nsip,
  year =	 {1997},
  editor =	 {E. Coyle},
  address =	 {Mackinac Island},
  month =	 {September},
  lrdedoc =      {sip/image/morpho/connected_filters/jones.97.nsip.ps},
}


@Article{meijster.02.pami,
  author    = {Arnold Meijster and Michael H. F. Wilkinson},
  title     = {A Comparison of Algorithms for Connected Set Openings and
               Closings},
  journal   = IEEE_J_PAMI,
  volume    = {24},
  number    = {4},
  year      = {2002},
  pages     = {484-494},
  ee        = {http://computer.org/tpami/tp2002/i0484abs.htm},
  bibsource = {DBLP, http://dblp.uni-trier.de},
  lrdedoc   = {sip/image/morpho/connected_filters/meijster.02.pami.pdf},
}


@PhdThesis{meijster.04.phd,
  author =	 {Arnold Meijster},
  title =	 {Efficient Sequential and Parallel Algorithms for
                  Morphological Image Processing},
  school =	 {University of Groningen, the Netherlands},
  year =	 {2004},
  month =	 {March},
  lrdedoc =      {sip/image/morpho/connected_filters/meijster.04.phd.pdf},
}


@Article{najman.06.itip,
  author =       {Laurent Najman and Michel Couprie},
  title =        {Building the Component Tree in Quasi-Linear Time},
  journal =      IEEE_J_IP,
  year =         {2006},
  month =        {November},
  volume =       {15},
  number =       {11},
  pages =        {3531--3539},
  lrdedoc =      {sip/image/morpho/connected_filters/najman.06.itip.pdf},
}


@Article{salembier.98.itip,
  author =	 {Philippe Salembier and Albert Oliveras and Luis Garrido},
  title =	 {Antiextensive connected operators for image and
                  sequence processing},
  journal =	 IEEE_J_IP,
  year =	 {1998},
  volume =	 {7},
  number =	 {4},
  pages =	 {555--570},
  lrdedoc =      {sip/image/morpho/connected_filters/salembier.98.itip.pdf},
}


@Article{tarjan.75.jacm,
  author =	 {Robert Endre Tarjan},
  title =	 {Efficiency of a Good But Not Linear Set Union
                  Algorithm},
  journal =	 jacm,
  year =	 {1975},
  volume =	 {22},
  number =	 {2},
  pages =	 {215--225},
}


@InProceedings{vincent.93.ismm,
  author =       {Luc Vincent},
  title =        {Grayscale Area Openings and Closings: their
                  Applications and Efficient Implementation},
  booktitle =    ismm,
  pages =        {22--27},
  year =         {1993},
}
