doc/update-lrde-bib.txt